
@ARTICLE{1991,
  author = {Fothergill, J.C.},
  title = {Filamentary electromechanical breakdown},
  journal = {Electrical Insulation, IEEE Transactions on},
  year = {1991},
  volume = {26},
  pages = {1124 -1129},
  number = {6},
  month = {dec},
  abstract = {A breakdown mechanism is proposed in which a filamentary-shaped crack
	propagates through a dielectric, releasing both electrostatic energy
	and electromechanical strain energy stored in the material due to
	the applied electric field. The mechanism predicts a breakdown strength
	which is proportional to the fourth root of Young's modulus and a
	time to breakdown comparable with that taken for a sound wave to
	cross the dielectric ( ap;0.1 mu;s in 25 mu;m thick polyethene films).
	Analysis of previously unexplained results of M. Hikita et al. (1985)
	on thin films of polyethylene yields good agreement with the proposed
	mechanism and a filament radius which is comparable to the gross
	morphological features of the dielectric},
  doi = {10.1109/14.108149},
  issn = {0018-9367},
  keywords = {25 micron;Young's modulus;applied electric field;breakdown mechanism;breakdown
	strength;electromechanical strain energy;electrostatic energy;filamentary-shaped
	crack;gross morphological features;polyethene films;time to breakdown;electric
	breakdown of solids;electric strength;polymer films;},
  owner = {Administrator},
  timestamp = {2012.02.03}
}

@INPROCEEDINGS{2008b,
  author = {Hiei, S. and Hozumi, N. and Kurihara, T. and Okamoto, T. and Uchida,
	K.},
  title = {Fundamental study on relaxation processes of water tree in aged power
	cables aimed for diagnosis with spatial resolution},
  booktitle = {Electrical Insulating Materials, 2008. (ISEIM 2008). International
	Symposium on DOI - 10.1109/ISEIM.2008.4664594},
  year = {2008},
  pages = {491-494},
  __markedentry = {[Administrator:]},
  keywords = {cable insulation, coaxial cables, dielectric relaxation, insulator
	contamination, insulator testing, polymer insulators, trees (electrical),
	DC poling voltage, aged power cable water tree, coaxial communication
	cable, dielectric breakdown, polymeric insulation, power cable diagnosis,
	relaxation processes, relaxation time distribution, time resolved
	pulse, water droplets},
  owner = {Administrator},
  timestamp = {2012.02.14}
}

@ARTICLE{2006d,
  author = {WANG, X. and WU, C. and HE, H. and TU, D.},
  title = {茂金属聚乙烯改性低密度聚乙烯中空间电荷的机理研究},
  journal = {中国电机工程学报},
  year = {2006},
  volume = {26},
  number = {7},
  language = {1}
}

@MISC{1233,
  author = {wt.d},
  title = {高频电压下交联聚乙烯中电树枝的形态特性},
  month = {m},
  year = {1233},
  owner = {Administrator},
  timestamp = {2012.06.01},
  typeoflit = {OL}
}

@ARTICLE{2008a,
  author = {任浩 and 王珏 and 严萍},
  title = {重频纳秒脉冲下有机玻璃电树枝老化特性的实验研究},
  journal = {电工电能新技术},
  year = {2008},
  volume = {27},
  pages = {32-35},
  number = {4},
  endnotereftype = {Journal Article},
  issn = {1003-3076},
  language = {1},
  shorttitle = {重频纳秒脉冲下有机玻璃电树枝老化特性的实验研究}
}

@ARTICLE{1998a,
  author = {史保壮 and 李智敏 and 张文元},
  title = {超高压GIS中快速暂态过电压造成危害的原因分析},
  journal = {电网技术},
  year = {1998},
  volume = {22},
  pages = {1-3},
  number = {1},
  endnotereftype = {Journal Article},
  language = {1},
  shorttitle = {超高压 GIS 中快速暂态过电压造成危害的原因分析}
}

@ARTICLE{2006b,
  author = {唐丽灵 and 王巍 and 李绸喜 and 王琦 and 谢翔},
  title = {电工新技术在癌症治疗中的应用},
  journal = {重庆大学学报 (自然科学版)},
  year = {2006},
  volume = {29},
  pages = {98-101},
  number = {6},
  endnotereftype = {Journal Article},
  language = {1},
  shorttitle = {电工新技术在癌症治疗中的应用}
}

@ARTICLE{2011h,
  author = {喻岩珑 and 李晟 and 孙辉 and 岳彩鹏 and 吴延坤 and 陈广辉 and 姚瑾},
  title = {XLPE电缆绝缘老化与剩余寿命评估的试验方法},
  journal = {电网与清洁能源},
  year = {2011},
  volume = {27},
  pages = {26-29},
  number = {4},
  endnotereftype = {Journal Article},
  language = {1},
  shorttitle = {XLPE 电缆绝缘老化与剩余寿命评估的试验方法}
}

@ARTICLE{2011g,
  author = {姜赤龙 and 司马文霞 and 杨庆 and 袁涛},
  title = {多种外部因素对变压器油冲击击穿特性的影响},
  journal = {高电压技术},
  year = {2011},
  volume = {9},
  endnotereftype = {Journal Article},
  language = {1},
  shorttitle = {多种外部因素对变压器油冲击击穿特性的影响}
}

@ARTICLE{2002,
  author = {尹毅 and 肖登明 and 屠德民},
  title = {空间电荷在评估绝缘聚合物电老化程度中的应用研究},
  journal = {中国电机工程学报},
  year = {2002},
  volume = {22},
  pages = {43--48},
  number = {1},
  abstract = {电声脉冲法

	电老化

	空间电荷},
  language = {1},
  publisher = {万方数据资源系统}
}

@ARTICLE{2011f,
  author = {廖瑞金 and 周旋 and 杨丽君 and 向彬},
  title = {变压器油纸绝缘热老化过程的中红外光谱特性},
  journal = {重庆大学学报: 自然科学版},
  year = {2011},
  volume = {34},
  pages = {1-6},
  number = {2},
  endnotereftype = {Journal Article},
  language = {1},
  shorttitle = {变压器油纸绝缘热老化过程的中红外光谱特性}
}

@MASTERSTHESIS{2011e,
  author = {张伟},
  title = {高压纳秒脉冲下聚合物电树枝老化特性及测量方法研究},
  school = {中国科学院研究生院 (电工研究所)},
  year = {2011},
  address = {北京},
  abstract = {步进法，多针电极，空间电荷理论，陷阱能级理论},
  endnotereftype = {Thesis},
  keywords = {纳秒脉冲，电树枝，引发电压，残余电荷},
  language = {1},
  shorttitle = {高压纳秒脉冲下聚合物电树枝老化特性及测量方法研究}
}

@ARTICLE{2011d,
  author = {张伟 and 王珏 and 张东东 and 欧阳文敏 and 严萍 and 高迎慧},
  title = {纳秒脉冲下聚合物电树枝引发实验方法},
  journal = {强激光与粒子束},
  year = {2011},
  volume = {23},
  pages = {1117-1122},
  number = {4},
  endnotereftype = {Journal Article},
  language = {1},
  shorttitle = {纳秒脉冲下聚合物电树枝引发实验方法}
}

@ARTICLE{1999,
  author = {张冶文 and 李英},
  title = {固体电介质中空间电荷分布与极化分布的测量方法及其比较},
  journal = {电工技术学报},
  year = {1999},
  volume = {14},
  pages = {39--42},
  number = {3},
  abstract = {空间电荷 固体电介质 压力波法 电声脉冲法},
  language = {1}
}

@ARTICLE{2008,
  author = {张硕 and 李永倩},
  title = {应用布里渊传感技术监测电缆绝缘老化},
  journal = {光通信技术},
  year = {2008},
  volume = {32},
  pages = {49-52},
  number = {10},
  endnotereftype = {Journal Article},
  language = {1},
  shorttitle = {应用布里渊传感技术监测电缆绝缘老化}
}

@ARTICLE{2009b,
  author = {张致 and 董明 and 杨双锁 and 姜惟 and 张冠军 and 严璋},
  title = {频域谱技术用于油浸式电力变压器绝缘状态现场诊断},
  journal = {高电压技术},
  year = {2009},
  volume = {35},
  pages = {1648-1653},
  number = {7},
  endnotereftype = {Journal Article},
  language = {1},
  shorttitle = {频域谱技术用于油浸式电力变压器绝缘状态现场诊断}
}

@MASTERSTHESIS{2006a,
  author = {李光杰},
  title = {纳秒脉冲下变压器油中绝缘介质沿面闪络特性的实验研究},
  school = {中国科学院研究生院 (电工研究所)},
  year = {2006},
  address = {北京},
  abstract = {变压器油，沿面闪络，统计，概率分部，电压测量，纳秒脉冲},
  endnotereftype = {Thesis},
  language = {1},
  shorttitle = {纳秒脉冲下变压器油中绝缘介质沿面闪络特性的实验研究 }
}

@ARTICLE{2009a,
  author = {李军浩 and 司文荣 and 姚秀 and 董明 and 李彦明},
  title = {油纸绝缘变压器老化状态评估的极化去极化电流技术研究},
  journal = {仪器仪表学报},
  year = {2009},
  volume = {30},
  pages = {2605-2611},
  number = {12},
  endnotereftype = {Journal Article},
  language = {1},
  shorttitle = {油纸绝缘变压器老化状态评估的极化/去极化电流技术研究}
}

@ARTICLE{2011c,
  author = {李大勇},
  title = {GIS设备故障原因分析及对策},
  journal = {中国科技信息},
  year = {2011},
  pages = {98-99},
  number = {006},
  endnotereftype = {Journal Article},
  issn = {1001-8972},
  language = {1},
  shorttitle = {GIS 设备故障原因分析及对策}
}

@ARTICLE{2004,
  author = {李桂萍 and 王新新 and 袁建生},
  title = {亚纳秒气体开关中气体击穿的数值计算},
  journal = {强激光与粒子束},
  year = {2004},
  volume = {16},
  number = {4},
  endnotereftype = {Journal Article},
  language = {1},
  shorttitle = {亚纳秒气体开关中气体击穿的数值计算}
}

@ARTICLE{2011b,
  author = {杨丽君 and 廖瑞金 and 孙才新 and 汪可},
  title = {油纸绝缘的局部放电特征量分析及危险等级评估方法研究},
  journal = {中国电机工程学报},
  year = {2011},
  volume = {31},
  pages = {123-130},
  number = {1},
  endnotereftype = {Journal Article},
  language = {1},
  shorttitle = {油纸绝缘的局部放电特征量分析及危险等级评估方法研究}
}

@ARTICLE{2010a,
  author = {杨双锁 and 张冠军 and 董明 and 魏建林 and 王世强 and 于峥 and 冯玉昌},
  title = {基于频域介电谱试验的750kV变压器绝缘状况评估},
  journal = {高压电器},
  year = {2010},
  volume = {46},
  pages = {16-20},
  number = {4},
  endnotereftype = {Journal Article},
  language = {1},
  shorttitle = {基于频域介电谱试验的 750kV 变压器绝缘状况评估}
}

@ARTICLE{2010,
  author = {欧阳本红 and 康毅 and 赵健康 and 赵学童 and 李建英 and 李盛涛},
  title = {加速水树老化对 XLPE 电力电缆绝缘性能的影响},
  journal = {高电压技术},
  year = {2010},
  pages = {1942-1949},
  number = {8},
  language = {1},
  owner = {Administrator},
  timestamp = {2011.12.29}
}

@ARTICLE{2009,
  author = {江山 and 周路生},
  title = {1E级电缆老化及寿命评估技术研究——超声声速测量技术研究与应用},
  journal = {无损探伤},
  year = {2009},
  volume = {33},
  pages = {14-16},
  number = {6},
  endnotereftype = {Journal Article},
  language = {1},
  shorttitle = {1E级电缆老化及寿命评估技术研究——超声声速测量技术研究与应用}
}

@ARTICLE{2011a,
  author = {王松林},
  title = {变压器绝缘老化诊断技术},
  journal = {电气技术},
  year = {2011},
  pages = {82-85},
  number = {8},
  endnotereftype = {Journal Article},
  language = {1},
  shorttitle = {变压器绝缘老化诊断技术}
}

@ARTICLE{2005b,
  author = {王萍玲 and 胡丽娜 and 李聪 and 孙才新 and 米彦 and 王士彬 and 姚成果},
  title = {能量可控陡脉冲联合H-ras干扰性RNA治疗卵巢癌裸鼠皮下移植瘤的实验研究},
  journal = {第三军医大学学报},
  year = {2005},
  volume = {27},
  pages = {490-493},
  number = {6},
  endnotereftype = {Journal Article},
  language = {1},
  shorttitle = {能量可控陡脉冲联合H-ras干扰性RNA治疗卵巢癌裸鼠皮下移植瘤的实验研究}
}

@ARTICLE{2005a,
  author = {石磊 and 樊亚军 and 朱四桃 and 宋昕海 and 王新新},
  title = {高压氮气亚纳秒开关放电特性实验研究},
  journal = {强激光与粒子束},
  year = {2005},
  volume = {17},
  pages = {1079},
  number = {7},
  endnotereftype = {Journal Article},
  language = {1},
  shorttitle = {高压氮气亚纳秒开关放电特性实验研究}
}

@ARTICLE{2010b,
  author = {许海如 and 张冶文 and 郑飞虎},
  title = {绝缘介质介电频谱测量方法的研究},
  journal = {绝缘材料},
  year = {2010},
  pages = {66--70},
  number = {001},
  abstract = {介电系数

	测量},
  language = {1}
}

@ARTICLE{2006c,
  author = {谢安生 and 李盛涛 and 郑晓泉 and CHEN, G.},
  title = {外施电压频率对 XLPE 电缆绝缘中电树枝生长特性的影响},
  journal = {电工电能新技术},
  year = {2006},
  volume = {25},
  pages = {33--36},
  number = {3},
  keywords = {频率

	XLPE

	电缆

	电树枝

	生长特性},
  language = {1},
  owner = {Administrator},
  timestamp = {2012.02.02}
}

@PHDTHESIS{2006,
  author = {邵涛},
  title = {重复频率纳秒脉冲气体击穿研究 },
  school = {中国科学院研究生院 (电工研究所)},
  year = {2006},
  address = {北京},
  abstract = {重频，纳秒脉冲，SF6，气体，击穿},
  endnotereftype = {Thesis},
  language = {1},
  shorttitle = {重复频率纳秒脉冲气体击穿研究 }
}

@ARTICLE{2003,
  author = {郑晓泉 and G CHEN and A E DAVIS},
  title = {XLPE电缆绝缘中电树枝生长的阶段性特性实验研究},
  journal = {电工电能新技术},
  year = {2003},
  volume = {22},
  pages = {24--27},
  number = {3},
  language = {1},
  owner = {Administrator},
  timestamp = {2012.02.02}
}

@ARTICLE{2003a,
  author = {郑飞虎 and 张冶文 and 吴长顺 and 李吉晓 and 夏钟福},
  title = {用于固体介质中空间电荷的压电压力波法与电声脉冲法},
  journal = {物理学报},
  year = {2003},
  volume = {52},
  pages = {1137--1142},
  number = {5},
  abstract = {PWP[ 1, 2] 的基本原理是: 弹性波在介质中以声速

	传播时, 破坏了介质内部原先弹性力和电荷产生电

	场力的平衡, 引起介质中的电荷发生微小位移, 电荷

	的微小位移又导致介质电极上的感应电荷量的变

	化, 因此在外电路上可观测到电流或电压信号的变

	化, 从而获得介质中空间电荷分布的有关信息.



	电声脉冲法( PEA) 测量原理

	PEA

	[ 11,12] 的基本原理是: 在介质电极上加上一

	个窄高压脉冲, 则介质中的空间电荷和电极界面都

	受到这一脉冲电场力的作用而相应地产生声脉冲.

	声脉冲的压力剖面与空间电荷的分布有关. 用声传

	感器接收与测量这些声脉冲, 就可以得到空间电荷

	的分布信息. 测量原理如图3, PEA 中样品内部的声

	波是由于外界窄脉冲的作用, 介质内部的空间电荷

	所受静电场力随时间变化, 为随时保持静电场力与

	介质弹性力的平衡, 介质就随外界电场振动起来, 这

	样就产生了声波.



	**比较**

	PWP 法的分辨率主要取决于压力脉冲波的脉冲半峰宽, 在压电

	PWP 法中, 较薄的压电膜可提高系统的分辨率; 而

	对于PEA 法, 越窄的电脉冲宽度和压电膜的厚度可

	以提高系统的分辨率.



	PEA 法的空间分辨率和灵敏度主要取决于电脉冲的

	形状和压电传感器的性能, 而PWP 法的分辨率主要

	取决于压力脉冲波的半峰宽, 灵敏度则主要取决于

	脉冲压力波的幅度与系统设备的放大器.},
  language = {1}
}

@ARTICLE{1998,
  author = {钟定珠 and 陈锦清},
  title = {广东省500kV高压设备运行情况和事故分析$\rm{CO}_2$},
  journal = {广东电力},
  year = {1998},
  volume = {11},
  pages = {24-27},
  number = {1},
  endnotereftype = {Journal Article},
  language = {1},
  shorttitle = {广东省 500kV 高压设备运行情况和事故分析}
}

@ARTICLE{2011j,
  author = {陈广辉 and 王东芳 and 岳彩鹏 and 王伟 and 董小兵},
  title = {交流电压下基于空间电荷效应的 XLPE 电缆绝缘老化研究现状},
  journal = {电网与清洁能源},
  year = {2011},
  language = {1}
}

@ARTICLE{2006e,
  author = {陈炯 and 尹毅 and 肖登明},
  title = {电声脉冲法中脉冲对空间电荷分布测量的影响},
  journal = {高电压技术},
  year = {2006},
  volume = {32},
  pages = {19--21},
  number = {5},
  abstract = {摘 要: 首先阐述了目前已广泛应用的电声脉冲法(PEA) 测量电介质中空间电荷的原理, 介绍了一台新型的PEA

	空间电荷测量装置( 其电脉冲幅值和宽度可调) , 并利用此装置在相同的测试条件下测量了相同的试样。研究发

	现: 对固定厚度的传感器来讲, 空间电荷分布信号随脉冲幅值增加而增加, 且其波形随脉冲宽度增加而展宽和增

	强。最后根据PEA 测量空间电荷的原理合理分析了上述的现象。



	空间电荷; 分布; 电声脉冲法},
  language = {1}
}

@ARTICLE{2011i,
  author = {顾金 and 尹毅 and 李旭光},
  title = {高压直流塑料电缆中空间电荷测量技术的研究},
  journal = {华东电力},
  year = {2011},
  volume = {39},
  pages = {1845--1847},
  number = {011},
  abstract = {在分析高压直流塑料电缆的衰减色散特性、脉冲电场耦合方式以及电极系统的基础上，论述了高压直

	流塑料电缆空间电荷测量系统。利用此测量系统测量了直流塑料电缆在24 h 冷热循环条件下的空间电荷分

	布情况，实验结果可靠。

	关键词: 高压直流; 空间电荷; 塑料电缆; 冷热循环


	温度：20－90度},
  language = {1}
}

@PHDTHESIS{2005,
  author = {高巍},
  title = {高压纳秒脉冲下真空绝缘沿面闪络特性研究},
  school = {中国科学院研究生院 (电工研究所)},
  year = {2005},
  address = {北京},
  endnotereftype = {Thesis},
  language = {1},
  shorttitle = {高压纳秒脉冲下真空绝缘沿面闪络特性研究}
}

@PHDTHESIS{2011,
  author = {鲍明晖},
  title = {交联聚乙烯中电树枝的生长特性研究},
  school = {华中科技大学},
  year = {2011},
  address = {武汉},
  endnotereftype = {Thesis},
  language = {1},
  shorttitle = {交联聚乙烯中电树枝的生长特性研究}
}

@ARTICLE{2011k,
  author = {鲍明晖 and 尹小根 and 何俊佳},
  title = {高频电压下交联聚乙烯中电树枝的形态特性},
  journal = {中国电机工程学报},
  year = {2011},
  volume = {31},
  number = {34},
  language = {1}
}
